@inproceedings{freivalds1977,
  author = {Rusins Freivalds},
  editor = {Bruce Gilchrist},
  title = {Probabilistic Machines Can Use Less Running Time},
  booktitle = {Information Processing, Proceedings of the 7th {IFIP} Congress 1977, Toronto, Canada, August 8-12, 1977},
  pages = {839--842},
  publisher = {North-Holland},
  year = {1977},
  timestamp = {Fri, 26 Jul 2019 22:58:46 +0200},
  biburl = {https://dblp.org/rec/conf/ifip/Freivalds77.bib},
  bibsource = {dblp computer science bibliography, https://dblp.org},
}

@inproceedings{demoura2008,
  author = {de Moura, Leonardo and Bj{\o}rner, Nikolaj},
  editor = {Ramakrishnan, C. R. and Rehof, Jakob},
  title = {Z3: An Efficient SMT Solver},
  booktitle = {Tools and Algorithms for the Construction and Analysis of Systems},
  year = {2008},
  publisher = {Springer Berlin Heidelberg},
  address = {Berlin, Heidelberg},
  pages = {337--340},
  abstract = {Satisfiability Modulo Theories (SMT) problem is a decision problem for logical first order formulas with respect to combinations of background theories such as: arithmetic, bit-vectors, arrays, and uninterpreted functions. Z3 is a new and efficient SMT Solver freely available from Microsoft Research. It is used in various software verification and analysis applications.},
  isbn = {978-3-540-78800-3},
}

@article{selvin1975,
  title = {Letters to the Editor},
  author = {Steve Selvin},
  journal = {The American Statistician},
  volume = {29},
  number = {1},
  pages = {67-71},
  year = {1975},
  publisher = {Taylor & Francis},
  doi = {10.1080/00031305.1975.10479121},
  URL = { https://doi.org/10.1080/00031305.1975.10479121 },
  eprint = { https://doi.org/10.1080/00031305.1975.10479121 },
}

@article{king1976,
	author = {King, James C.},
	title = {Symbolic Execution and Program Testing},
	year = {1976},
	issue_date = {July 1976},
	publisher = {Association for Computing Machinery},
	address = {New York, NY, USA},
	volume = {19},
	number = {7},
	issn = {0001-0782},
	url = {https://doi.org/10.1145/360248.360252},
	doi = {10.1145/360248.360252},
	journal = {Commun. ACM},
	month = jul,
	pages = {385–394},
	numpages = {10},
	keywords = {program debugging, program proving, symbolic interpretation, program verification, symbolic execution, program testing}
}

@inproceedings{cadar2008,
	author    = {Cristian Cadar and
	Daniel Dunbar and
	Dawson R. Engler},
	editor    = {Richard Draves and
	Robbert van Renesse},
	title     = {{KLEE:} Unassisted and Automatic Generation of High-Coverage Tests
	for Complex Systems Programs},
	booktitle = {8th {USENIX} Symposium on Operating Systems Design and Implementation,
	{OSDI} 2008, December 8-10, 2008, San Diego, California, USA, Proceedings},
	pages     = {209--224},
	publisher = {{USENIX} Association},
	year      = {2008},
	url       = {http://www.usenix.org/events/osdi08/tech/full\_papers/cadar/cadar.pdf},
	timestamp = {Thu, 12 Mar 2020 11:35:55 +0100},
	biburl    = {https://dblp.org/rec/conf/osdi/CadarDE08.bib},
	bibsource = {dblp computer science bibliography, https://dblp.org}
}

@inproceedings{geldenhuys_2012,
	author = {Geldenhuys, Jaco and Dwyer, Matthew B. and Visser, Willem},
	title = {Probabilistic Symbolic Execution},
	year = {2012},
	isbn = {9781450314541},
	publisher = {Association for Computing Machinery},
	address = {New York, NY, USA},
	url = {https://doi.org/10.1145/2338965.2336773},
	doi = {10.1145/2338965.2336773},
	booktitle = {Proceedings of the 2012 International Symposium on Software Testing and Analysis},
	pages = {166–176},
	numpages = {11},
	location = {Minneapolis, MN, USA},
	series = {ISSTA 2012}
}

@inproceedings{luckow_2014,
	author = {Luckow, Kasper and P\u{a}s\u{a}reanu, Corina S. and Dwyer, Matthew B. and Filieri, Antonio and Visser, Willem},
	title = {Exact and Approximate Probabilistic Symbolic Execution for Nondeterministic Programs},
	year = {2014},
	isbn = {9781450330138},
	publisher = {Association for Computing Machinery},
	address = {New York, NY, USA},
	url = {https://doi.org/10.1145/2642937.2643011},
	doi = {10.1145/2642937.2643011},
	booktitle = {Proceedings of the 29th ACM/IEEE International Conference on Automated Software Engineering},
	pages = {575–586},
	numpages = {12},
	keywords = {nondeterministic programs, probabilistic software analysis, symbolic execution},
	location = {Vasteras, Sweden},
	series = {ASE '14}
}

@article{borges_2014,
	author = {Borges, Mateus and Filieri, Antonio and d'Amorim, Marcelo and P\u{a}s\u{a}reanu, Corina S. and Visser, Willem},
	title = {Compositional Solution Space Quantification for Probabilistic Software Analysis},
	year = {2014},
	issue_date = {June 2014},
	publisher = {Association for Computing Machinery},
	address = {New York, NY, USA},
	volume = {49},
	number = {6},
	issn = {0362-1340},
	url = {https://doi.org/10.1145/2666356.2594329},
	doi = {10.1145/2666356.2594329},
	journal = {SIGPLAN Not.},
	month = jun,
	pages = {123–132},
	numpages = {10},
	keywords = {Monte Carlo sampling, testing, symbolic execution, probabilistic analysis}
}

@inproceedings{bihuan_2016,
	author = {Chen, Bihuan and Liu, Yang and Le, Wei},
	title = {Generating Performance Distributions via Probabilistic Symbolic Execution},
	year = {2016},
	isbn = {9781450339001},
	publisher = {Association for Computing Machinery},
	address = {New York, NY, USA},
	url = {https://doi.org/10.1145/2884781.2884794},
	doi = {10.1145/2884781.2884794},
	booktitle = {Proceedings of the 38th International Conference on Software Engineering},
	pages = {49–60},
	numpages = {12},
	keywords = {performance analysis, symbolic execution},
	location = {Austin, Texas},
	series = {ICSE '16}
}

@inproceedings{borges_2015,
	author = {Borges, Mateus and Filieri, Antonio and D'Amorim, Marcelo and P\u{a}s\u{a}reanu, Corina S.},
	title = {Iterative Distribution-Aware Sampling for Probabilistic Symbolic Execution},
	year = {2015},
	isbn = {9781450336758},
	publisher = {Association for Computing Machinery},
	address = {New York, NY, USA},
	url = {https://doi.org/10.1145/2786805.2786832},
	doi = {10.1145/2786805.2786832},
	booktitle = {Proceedings of the 2015 10th Joint Meeting on Foundations of Software Engineering},
	pages = {866–877},
	numpages = {12},
	keywords = {Probabilistic Analysis, Symbolic Execution, Monte Carlo Sampling},
	location = {Bergamo, Italy},
	series = {ESEC/FSE 2015}
}

@misc{wang_2021,
	title={Central Moment Analysis for Cost Accumulators in Probabilistic Programs}, 
	author={Di Wang and Jan Hoffmann and Thomas Reps},
	year={2021},
	eprint={2001.10150},
	archivePrefix={arXiv},
	primaryClass={cs.PL}
}

@inproceedings{farina_2019,
	author = {Farina, Gian Pietro and Chong, Stephen and Gaboardi, Marco},
	title = {Relational Symbolic Execution},
	year = {2019},
	isbn = {9781450372497},
	publisher = {Association for Computing Machinery},
	address = {New York, NY, USA},
	url = {https://doi.org/10.1145/3354166.3354175},
	doi = {10.1145/3354166.3354175},
	booktitle = {Proceedings of the 21st International Symposium on Principles and Practice of Declarative Programming},
	articleno = {10},
	numpages = {14},
	location = {Porto, Portugal},
	series = {PPDP '19}
}

@inproceedings{filieri_2013,
	author = {Filieri, Antonio and P\u{a}s\u{a}reanu, Corina S. and Visser, Willem},
	title = {Reliability Analysis in Symbolic Pathfinder},
	year = {2013},
	isbn = {9781467330763},
	publisher = {IEEE Press},
	pages = {622–631},
	numpages = {10},
	location = {San Francisco, CA, USA},
	series = {ICSE '13}
}

@INPROCEEDINGS{axprof_2019,  
	author={Joshi, Keyur and Fernando, Vimuth and Misailovic, Sasa},  
	booktitle={2019 IEEE/ACM 41st International Conference on Software Engineering (ICSE)},   title={Statistical Algorithmic Profiling for Randomized Approximate Programs},   year={2019},  
	volume={},  
	number={},  
	pages={608-618},  
	doi={10.1109/ICSE.2019.00071}
}

@inproceedings{filieri_2015,
	author = {Filieri, Antonio and P\u{a}s\u{a}reanu, Corina S. and Yang, Guowei},
	title = {Quantification of Software Changes through Probabilistic Symbolic Execution},
	year = {2015},
	isbn = {9781509000241},
	publisher = {IEEE Press},
	url = {https://doi.org/10.1109/ASE.2015.78},
	doi = {10.1109/ASE.2015.78},
	pages = {703–708},
	numpages = {6},
	location = {Lincoln, Nebraska},
	series = {ASE '15}
}

@article{cadar_2013,
	author = {Cadar, Cristian and Sen, Koushik},
	title = {Symbolic Execution for Software Testing: Three Decades Later},
	year = {2013},
	issue_date = {February 2013},
	publisher = {Association for Computing Machinery},
	address = {New York, NY, USA},
	volume = {56},
	number = {2},
	issn = {0001-0782},
	url = {https://doi.org/10.1145/2408776.2408795},
	doi = {10.1145/2408776.2408795},
	abstract = {The challenges---and great promise---of modern symbolic execution techniques, and the tools to help implement them.},
	journal = {Commun. ACM},
	month = feb,
	pages = {82–90},
	numpages = {9}
}

@article{holtzen_2020,
	author = {Holtzen, Steven and Van den Broeck, Guy and Millstein, Todd},
	title = {Scaling Exact Inference for Discrete Probabilistic Programs},
	year = {2020},
	issue_date = {November 2020},
	publisher = {Association for Computing Machinery},
	address = {New York, NY, USA},
	volume = {4},
	number = {OOPSLA},
	url = {https://doi.org/10.1145/3428208},
	doi = {10.1145/3428208},
	journal = {Proc. ACM Program. Lang.},
	month = nov,
	articleno = {140},
	numpages = {31},
	keywords = {Probabilistic programming}
}

@inproceedings{psi_2016, 
	title={Psi: Exact symbolic inference for probabilistic programs}, 
	author={Gehr, Timon and Misailovic, Sasa and Vechev, Martin}, 
	booktitle={International Conference on Computer Aided Verification}, 
	pages={62--83}, 
	year={2016}, 
	organization={Springer}
}

@inproceedings{lambda_psi_2020,
	author = {Gehr, Timon and Steffen, Samuel and Vechev, Martin},
	title = {LambdaPSI: Exact Inference for Higher-Order Probabilistic Programs},
	year = {2020},
	isbn = {9781450376136},
	publisher = {Association for Computing Machinery},
	address = {New York, NY, USA},
	url = {https://doi.org/10.1145/3385412.3386006},
	doi = {10.1145/3385412.3386006},
	booktitle = {Proceedings of the 41st ACM SIGPLAN Conference on Programming Language Design and Implementation},
	pages = {883–897},
	numpages = {15},
	keywords = {Probabilistic Programming, Exact, Higher-order},
	location = {London, UK},
	series = {PLDI 2020}
}

@inproceedings{p4wn_2021,
	author = {Kang, Qiao and Xing, Jiarong and Qiu, Yiming and Chen, Ang},
	title = {Probabilistic Profiling of Stateful Data Planes for Adversarial Testing},
	year = {2021},
	isbn = {9781450383172},
	publisher = {Association for Computing Machinery},
	address = {New York, NY, USA},
	url = {https://doi.org/10.1145/3445814.3446764},
	doi = {10.1145/3445814.3446764},
	booktitle = {Proceedings of the 26th ACM International Conference on Architectural Support for Programming Languages and Operating Systems},
	pages = {286–301},
	numpages = {16},
	keywords = {symbolic execution, Programmable data planes, adversarial testing},
	location = {Virtual, USA},
	series = {ASPLOS 2021}
}


@inproceedings{sampson_2014,
  author = {Sampson, Adrian and Panchekha, Pavel and Mytkowicz, Todd and McKinley, Kathryn S. and Grossman, Dan and Ceze, Luis},
  title = {Expressing and Verifying Probabilistic Assertions},
  year = {2014},
  isbn = {9781450327848},
  publisher = {Association for Computing Machinery},
  address = {New York, NY, USA},
  url = {https://doi-org.ezproxy.library.wisc.edu/10.1145/2594291.2594294},
  doi = {10.1145/2594291.2594294},
  booktitle = {Proceedings of the 35th ACM SIGPLAN Conference on Programming Language Design and Implementation},
  pages = {112–122},
  numpages = {11},
  keywords = {differential privacy, data obfuscation, approximate computing, symbolic execution, sensors, probabilistic programming},
  location = {Edinburgh, United Kingdom},
  series = {PLDI '14},
}

@article{sankaranarayanan_2013,
	author = {Sankaranarayanan, Sriram and Chakarov, Aleksandar and Gulwani, Sumit},
	title = {Static Analysis for Probabilistic Programs: Inferring Whole Program Properties from Finitely Many Paths},
	year = {2013},
	issue_date = {June 2013},
	publisher = {Association for Computing Machinery},
	address = {New York, NY, USA},
	volume = {48},
	number = {6},
	issn = {0362-1340},
	url = {https://doi.org/10.1145/2499370.2462179},
	doi = {10.1145/2499370.2462179},
	journal = {SIGPLAN Not.},
	month = jun,
	pages = {447–458},
	numpages = {12},
	keywords = {monte-carlo sampling, symbolic execution, program verification, volume bounding, probabilistic programming}
}

@article{dehnert_2017,
	author    = {Christian Dehnert and
	Sebastian Junges and
	Joost{-}Pieter Katoen and
	Matthias Volk},
	title     = {A storm is Coming: {A} Modern Probabilistic Model Checker},
	journal   = {CoRR},
	volume    = {abs/1702.04311},
	year      = {2017},
	url       = {http://arxiv.org/abs/1702.04311},
	archivePrefix = {arXiv},
	eprint    = {1702.04311},
	timestamp = {Mon, 13 Aug 2018 16:49:14 +0200},
	biburl    = {https://dblp.org/rec/journals/corr/DehnertJK017.bib},
	bibsource = {dblp computer science bibliography, https://dblp.org}
}

@inproceedings{claret_2013,
	author = {Claret, Guillaume and Rajamani, Sriram K. and Nori, Aditya V. and Gordon, Andrew D. and Borgstr\"{o}m, Johannes},
	title = {Bayesian Inference Using Data Flow Analysis},
	year = {2013},
	isbn = {9781450322379},
	publisher = {Association for Computing Machinery},
	address = {New York, NY, USA},
	url = {https://doi.org/10.1145/2491411.2491423},
	doi = {10.1145/2491411.2491423},
	booktitle = {Proceedings of the 2013 9th Joint Meeting on Foundations of Software Engineering},
	pages = {92–102},
	numpages = {11},
	keywords = {data flow analysis, algebraic decision diagrams, probabilistic programming},
	location = {Saint Petersburg, Russia},
	series = {ESEC/FSE 2013}
}

@book{goldreich_2017, 
	place={Cambridge}, 
	title={Introduction to Property Testing}, 
	DOI={10.1017/9781108135252}, 
	publisher={Cambridge University Press},
	author={Goldreich, Oded},  
	year={2017}
}

@article{bessey_2010,
	author = {Bessey, Al and Block, Ken and Chelf, Ben and Chou, Andy and Fulton, Bryan and Hallem, Seth and Henri-Gros, Charles and Kamsky, Asya and McPeak, Scott and Engler, Dawson},
	title = {A Few Billion Lines of Code Later: Using Static Analysis to Find Bugs in the Real World},
	year = {2010},
	issue_date = {February 2010},
	publisher = {Association for Computing Machinery},
	address = {New York, NY, USA},
	volume = {53},
	number = {2},
	issn = {0001-0782},
	url = {https://doi.org/10.1145/1646353.1646374},
	doi = {10.1145/1646353.1646374},
	abstract = {How Coverity built a bug-finding tool, and a business, around the unlimited supply
	of bugs in software systems.},
	journal = {Commun. ACM},
	month = feb,
	pages = {66–75},
	numpages = {10}
}

@inproceedings{subhajit_2017,
	author = {Pham, Van-Thuan and Khurana, Sakaar and Roy, Subhajit and Roychoudhury, Abhik},
	title = {Bucketing Failing Tests via Symbolic Analysis},
	year = {2017},
	isbn = {9783662544938},
	publisher = {Springer-Verlag},
	address = {Berlin, Heidelberg},
	url = {https://doi.org/10.1007/978-3-662-54494-5_3},
	doi = {10.1007/978-3-662-54494-5_3},
	booktitle = {Proceedings of the 20th International Conference on Fundamental Approaches to Software Engineering - Volume 10202},
	pages = {43–59},
	numpages = {17}
}

@inproceedings{kapus_2019,
	author    = {Timotej Kapus and
	Martin Nowack and
	Cristian Cadar},
	editor    = {Dirk Beyer and
	Chantal Keller},
	title     = {Constraints in Dynamic Symbolic Execution: Bitvectors or Integers?},
	booktitle = {Tests and Proofs - 13th International Conference, TAP@FM 2019, Porto,
	Portugal, October 9-11, 2019, Proceedings},
	series    = {Lecture Notes in Computer Science},
	volume    = {11823},
	pages     = {41--54},
	publisher = {Springer},
	year      = {2019},
	url       = {https://doi.org/10.1007/978-3-030-31157-5\_3},
	doi       = {10.1007/978-3-030-31157-5\_3},
	timestamp = {Sun, 25 Oct 2020 22:36:53 +0100},
	biburl    = {https://dblp.org/rec/conf/tap/KapusNC19.bib},
	bibsource = {dblp computer science bibliography, https://dblp.org}
}

@inproceedings{pandey_2018,
	author = {Roy, Subhajit and Pandey, Awanish and Dolan-Gavitt, Brendan and Hu, Yu},
	title = {Bug Synthesis: Challenging Bug-Finding Tools with Deep Faults},
	year = {2018},
	isbn = {9781450355735},
	publisher = {Association for Computing Machinery},
	address = {New York, NY, USA},
	url = {https://doi.org/10.1145/3236024.3236084},
	doi = {10.1145/3236024.3236084},
	booktitle = {Proceedings of the 2018 26th ACM Joint Meeting on European Software Engineering Conference and Symposium on the Foundations of Software Engineering},
	pages = {224–234},
	numpages = {11},
	keywords = {Constraint-based Synthesis, Program Synthesis, Bug Injection, Symbolic Execution},
	location = {Lake Buena Vista, FL, USA},
	series = {ESEC/FSE 2018}
}

@article{adam_2012,
	author = {Kiezun, Adam and Ganesh, Vijay and Artzi, Shay and Guo, Philip J. and Hooimeijer, Pieter and Ernst, Michael D.},
	title = {HAMPI: A Solver for Word Equations over Strings, Regular Expressions, and Context-Free Grammars},
	year = {2013},
	issue_date = {November 2012},
	publisher = {Association for Computing Machinery},
	address = {New York, NY, USA},
	volume = {21},
	number = {4},
	issn = {1049-331X},
	url = {https://doi.org/10.1145/2377656.2377662},
	doi = {10.1145/2377656.2377662},
	journal = {ACM Trans. Softw. Eng. Methodol.},
	month = feb,
	articleno = {25},
	numpages = {28},
	keywords = {word equations, regular languages, program analysis, context-free languages, concolic testing, String constraints}
}

@inproceedings{raimondas_2010,
	author = {Sasnauskas, Raimondas and Landsiedel, Olaf and Alizai, Muhammad Hamad and Weise, Carsten and Kowalewski, Stefan and Wehrle, Klaus},
	title = {KleeNet: Discovering Insidious Interaction Bugs in Wireless Sensor Networks before Deployment},
	year = {2010},
	isbn = {9781605589886},
	publisher = {Association for Computing Machinery},
	address = {New York, NY, USA},
	url = {https://doi.org/10.1145/1791212.1791235},
	doi = {10.1145/1791212.1791235},
	booktitle = {Proceedings of the 9th ACM/IEEE International Conference on Information Processing in Sensor Networks},
	pages = {186–196},
	numpages = {11},
	keywords = {experimentation, failure detection, automated protocol testing, wireless sensor networks},
	location = {Stockholm, Sweden},
	series = {IPSN '10}
}

@inproceedings{raimondas_2011,
	author = {Sasnauskas, Raimondas and Dustmann, Oscar Soria and Kaminski, Benjamin Lucien and Wehrle, Klaus and Weise, Carsten and Kowalewski, Stefan},
	title = {Scalable Symbolic Execution of Distributed Systems},
	year = {2011},
	isbn = {9780769543642},
	publisher = {IEEE Computer Society},
	address = {USA},
	url = {https://doi.org/10.1109/ICDCS.2011.28},
	doi = {10.1109/ICDCS.2011.28},
	booktitle = {Proceedings of the 2011 31st International Conference on Distributed Computing Systems},
	pages = {333–342},
	numpages = {10},
	keywords = {sensornet testing, symbolic execution},
	series = {ICDCS '11}
}

@InProceedings{eurosys_2011,
	author = {Peter Collingbourne and Cristian Cadar and Paul H. J. Kelly},
	title = {Symbolic Crosschecking of Floating-Point and SIMD Code},
	booktitle = {European Conference on Computer Systems (EuroSys 2011)},
	year = {2011},
	month = {4},
	location = {Salzburg, Austria},
}

@article{hiraoki_2017,
	author = {Yoshida, Hiroaki and Li, Guodong and Kamiya, Takuki and Ghosh, Indradeep and Rajan, Sreeranga and Tokumoto, Susumu and Munakata, Kazuki and Uehara, Tadahiro},
	title = {KLOVER: Automatic Test Generation for C and C Programs, Using Symbolic Execution},
	year = {2017},
	issue_date = {2017},
	publisher = {IEEE Computer Society Press},
	address = {Washington, DC, USA},
	volume = {34},
	number = {5},
	issn = {0740-7459},
	url = {https://doi.org/10.1109/MS.2017.3571576},
	doi = {10.1109/MS.2017.3571576},
	journal = {IEEE Softw.},
	month = jan,
	pages = {30–37},
	numpages = {8}
}

@MISC{smtlib,
  author =	 {Clark Barrett and Pascal Fontaine and Cesare Tinelli},
  title =	 {{The Satisfiability Modulo Theories Library (SMT-LIB)}},
  howpublished = {{\tt www.SMT-LIB.org}},
  year =	 2016,
}

@article{DBLP:journals/pacmpl/AlbarghouthiDDN17,
  author    = {Aws Albarghouthi and
               Loris D'Antoni and
               Samuel Drews and
               Aditya V. Nori},
  title     = {{FairSquare}: probabilistic verification of program fairness},
  journal   = {Proc. {ACM} Program. Lang.},
  volume    = {1},
  number    = {{OOPSLA}},
  pages     = {80:1--80:30},
  year      = {2017},
  url       = {https://doi.org/10.1145/3133904},
  doi       = {10.1145/3133904},
  timestamp = {Wed, 17 Feb 2021 08:54:10 +0100},
  biburl    = {https://dblp.org/rec/journals/pacmpl/AlbarghouthiDDN17.bib},
  bibsource = {dblp computer science bibliography, https://dblp.org}
}

@incollection{DBLP:reference/mc/BaierAFK18,
  author    = {Baier, Christel and
               de Alfaro, Luca and
               Forejt, Vojtech and
               Kwiatkowska, Marta},
  title     = {Model Checking Probabilistic Systems},
  booktitle = {Handbook of Model Checking},
  pages     = {963--999},
  year      = {2018},
  publisher = springer,
  url       = {https://doi.org/10.1007/978-3-319-10575-8_28},
  doi       = {10.1007/978-3-319-10575-8_28},
  timestamp = {Tue, 29 May 2018 12:30:27 +0200},
  biburl    = {https://dblp.org/rec/bib/reference/mc/BaierAFK18},
  bibsource = {dblp computer science bibliography, https://dblp.org}
}

@inproceedings{DBLP:conf/icalp/BaierCHKR97,
  author    = {Christel Baier and
               Edmund M. Clarke and
               Vasiliki Hartonas{-}Garmhausen and
               Marta Z. Kwiatkowska and
               Mark Ryan},
  title     = {Symbolic Model Checking for Probabilistic Processes},
  booktitle = icalp97,
  series    = lncs,
  volume    = {1256},
  pages     = {430--440},
  publisher = {Springer},
  year      = {1997},
  url       = {https://doi.org/10.1007/3-540-63165-8\_199},
  doi       = {10.1007/3-540-63165-8\_199},
  timestamp = {Tue, 14 May 2019 10:00:44 +0200},
  biburl    = {https://dblp.org/rec/conf/icalp/BaierCHKR97.bib},
  bibsource = {dblp computer science bibliography, https://dblp.org}
}

@inproceedings{kwiatkowska2011prism,
  title={{PRISM} 4.0: Verification of probabilistic real-time systems},
  author={Kwiatkowska, Marta and Norman, Gethin and Parker, David},
  booktitle=cav11,
  pages={585--591},
  year={2011},
  series=lncs,
  volume=6806,
  publisher=springer
}

@inproceedings{CousotM12,
  author    = {Patrick Cousot and
               Michael Monerau},
  title     = {Probabilistic Abstract Interpretation},
  booktitle = esop12,
  series    = lncs,
  volume    = {7211},
  pages     = {169--193},
  publisher = springer,
  year      = {2012},
  url       = {https://www.di.ens.fr/~cousot/publications.www/Cousot-Monerau-ESOP2012-extended.pdf}
}

@inproceedings{DBLP:conf/pldi/WangHR18,
  author    = {Wang, Di and
               Hoffmann, Jan and
               Reps, Thomas W.},
  title     = {{PMAF:} an algebraic framework for static analysis of probabilistic programs},
  booktitle = pldi18,
  pages     = {513--528},
  year      = {2018},
  url       = {https://doi.org/10.1145/3192366.3192408},
  doi       = {10.1145/3192366.3192408},
  timestamp = {Wed, 21 Nov 2018 12:44:27 +0100},
  biburl    = {https://dblp.org/rec/bib/conf/pldi/WangHR18},
  bibsource = {dblp computer science bibliography, https://dblp.org}
}

@inproceedings{Chakarov-martingale,
  title        = {Probabilistic program analysis with martingales},
  author       = {Chakarov, Aleksandar and Sankaranarayanan, Sriram},
  booktitle    = cav13,
  pages        = {511--526},
  year         = {2013},
  url          = {https://www.cs.colorado.edu/~srirams/papers/cav2013-martingales.pdf}
}
@inproceedings{Chatterjee:2016:AAQ:2837614.2837639,
 author = {Chatterjee, Krishnendu and Fu, Hongfei and Novotn\'{y}, Petr and Hasheminezhad, Rouzbeh},
 title = {Algorithmic Analysis of Qualitative and Quantitative Termination Problems for Affine Probabilistic Programs},
 booktitle = popl16,
 year = {2016},
 isbn = {978-1-4503-3549-2},
 pages = {327--342},
 numpages = {16},
 url = {https://doi.acm.org/10.1145/2837614.2837639},
 doi = {10.1145/2837614.2837639},
 acmid = {2837639},
 keywords = {Concentration, Probabilistic Programs, Ranking Supermartingale, Termination},
} 

@article{DBLP:journals/pacmpl/BartheCKS021,
  author    = {Gilles Barthe and
               Rohit Chadha and
               Paul Krogmeier and
               A. Prasad Sistla and
               Mahesh Viswanathan},
  title     = {Deciding accuracy of differential privacy schemes},
  journal   = {Proc. {ACM} Program. Lang.},
  volume    = {5},
  number    = {{POPL}},
  pages     = {1--30},
  year      = {2021},
  url       = {https://doi.org/10.1145/3434289},
  doi       = {10.1145/3434289},
  timestamp = {Wed, 17 Feb 2021 08:53:58 +0100},
  biburl    = {https://dblp.org/rec/journals/pacmpl/BartheCKS021.bib},
  bibsource = {dblp computer science bibliography, https://dblp.org}
}

@article{SHA18,
  title    = {Trace Abstraction modulo Probability},
  author   = {Smith, Calvin and
              Hsu, Justin and
              Albarghouthi, Aws},
  year     = {2019},
  month    = jan,
  jh       = yes,
  journal  = pacmpl,
  volume   = {3},
  articleno = {39},
  number   = {POPL},
  jhnote   = "Appeared at " # popl19 # ".",
  eprint    = {1810.12396},
  archivePrefix = {arXiv},
  primaryClass  = {cs.PL},
  url      = {https://arxiv.org/abs/1810.12396},
  doi      = {10.1145/3290352},
  reviewed = yes,
}

@article{AH17,
  title    = {Synthesizing Coupling Proofs of Differential Privacy},
  author   = {Albarghouthi, Aws and
              Hsu, Justin},
  year     = {2018},
  month    = jan,
  jh       = yes,
  journal  = pacmpl,
  volume   = {2},
  number   = {POPL},
  articleno = {58},
  url      = {https://arxiv.org/abs/1709.05361},
  jhnote   = "Appeared at " # popl18 # ".",
  reviewed = yes,
  doi      = {10.1145/3158146},
  eprint   = {1709.05361},
  archivePrefix = {arXiv},
  primaryClass  = {cs.PL},
}
@inproceedings{AH18,
  title     = {Constraint-Based Synthesis of Coupling Proofs},
  author    = {Albarghouthi, Aws and
               Hsu, Justin},
  year      = {2018},
  jh        = yes,
  reviewed  = yes,
  booktitle = cav18,
  url       = {https://arxiv.org/abs/1804.04052},
  doi       = {10.1007/978-3-319-96145-3_18},
  eprint    = {1804.04052},
  archivePrefix = {arXiv},
  primaryClass  = {cs.PL},
}

@inproceedings{DBLP:conf/pldi/CarbinKMR12,
  author      = {Michael Carbin and
               Deokhwan Kim and
               Sasa Misailovic and
               Martin C Rinard},
  title       = {Proving acceptability properties of relaxed nondeterministic approximate
               programs},
  booktitle   = pldi12,
  pages       = {169--180},
  year        = {2012},
  url         = {https://doi.acm.org/10.1145/2254064.2254086},
}

@inproceedings{DBLP:conf/esop/FarinaCG21,
  author    = {Gian Pietro Farina and
               Stephen Chong and
               Marco Gaboardi},
  editor    = {Nobuko Yoshida},
  title     = {Coupled Relational Symbolic Execution for Differential Privacy},
  booktitle = esop21,
  series    = lncs,
  volume    = {12648},
  pages     = {207--233},
  publisher = springer,
  year      = {2021},
  url       = {https://doi.org/10.1007/978-3-030-72019-3\_8},
  doi       = {10.1007/978-3-030-72019-3\_8},
  timestamp = {Fri, 14 May 2021 08:34:21 +0200},
  biburl    = {https://dblp.org/rec/conf/esop/FarinaCG21.bib},
  bibsource = {dblp computer science bibliography, https://dblp.org}
}

@inproceedings{DBLP:conf/esop/MoosbruggerBKK21,
  author    = {Marcel Moosbrugger and
               Ezio Bartocci and
               Joost{-}Pieter Katoen and
               Laura Kov{\'{a}}cs},
  editor    = {Nobuko Yoshida},
  title     = {Automated Termination Analysis of Polynomial Probabilistic Programs},
  booktitle = esop21,
  series    = lncs,
  volume    = {12648},
  pages     = {491--518},
  publisher = springer,
  year      = {2021},
  url       = {https://doi.org/10.1007/978-3-030-72019-3\_18},
  doi       = {10.1007/978-3-030-72019-3\_18},
  timestamp = {Fri, 14 May 2021 08:34:21 +0200},
  biburl    = {https://dblp.org/rec/conf/esop/MoosbruggerBKK21.bib},
  bibsource = {dblp computer science bibliography, https://dblp.org}
}

@inproceedings{DBLP:conf/tacas/BartocciKS20,
  author    = {Ezio Bartocci and
               Laura Kov{\'{a}}cs and
               Miroslav Stankovic},
  editor    = {Armin Biere and
               David Parker},
  title     = {Mora -- Automatic Generation of Moment-Based Invariants},
  booktitle = tacas20,
  series    = lncs,
  volume    = {12078},
  pages     = {492--498},
  publisher = springer,
  year      = {2020},
  url       = {https://doi.org/10.1007/978-3-030-45190-5\_28},
  doi       = {10.1007/978-3-030-45190-5\_28},
  timestamp = {Fri, 14 May 2021 08:34:17 +0200},
  biburl    = {https://dblp.org/rec/conf/tacas/BartocciKS20.bib},
  bibsource = {dblp computer science bibliography, https://dblp.org}
}

@inproceedings{DBLP:conf/atva/BartocciKS19,
  author    = {Ezio Bartocci and
               Laura Kov{\'{a}}cs and
               Miroslav Stankovic},
  editor    = {Yu{-}Fang Chen and
               Chih{-}Hong Cheng and
               Javier Esparza},
  title     = {Automatic Generation of Moment-Based Invariants for Prob-Solvable
               Loops},
  booktitle = atva19,
  series    = lncs,
  volume    = {11781},
  pages     = {255--276},
  publisher = springer,
  year      = {2019},
  url       = {https://doi.org/10.1007/978-3-030-31784-3\_15},
  doi       = {10.1007/978-3-030-31784-3\_15},
  timestamp = {Mon, 15 Jun 2020 17:01:21 +0200},
  biburl    = {https://dblp.org/rec/conf/atva/BartocciKS19.bib},
  bibsource = {dblp computer science bibliography, https://dblp.org}
}

@article{vitter_1985,
	author = {Vitter, Jeffrey S.},
	title = {Random Sampling with a Reservoir},
	year = {1985},
	issue_date = {March 1985},
	publisher = {Association for Computing Machinery},
	address = {New York, NY, USA},
	volume = {11},
	number = {1},
	issn = {0098-3500},
	url = {https://doi.org/10.1145/3147.3165},
	doi = {10.1145/3147.3165},
	journal = {ACM Trans. Math. Softw.},
	month = mar,
	pages = {37–57},
	numpages = {21}
}

@article{hoare_1962,
	title={Quicksort},
	author={Hoare, Charles AR},
	journal={The Computer Journal},
	volume={5},
	number={1},
	pages={10--16},
	year={1962},
	publisher={Oxford University Press}
}

@article{bloom_1970,
	title={Space/time trade-offs in hash coding with allowable errors},
	author={Bloom, Burton H},
	journal={Communications of the ACM},
	volume={13},
	number={7},
	pages={422--426},
	year={1970},
	publisher={ACM New York, NY, USA}
}

@article{graham_2005,
	author = {Cormode, Graham and Muthukrishnan, S.},
	title = {An Improved Data Stream Summary: The Count-Min Sketch and Its Applications},
	year = {2005},
	issue_date = {April 2005},
	publisher = {Academic Press, Inc.},
	address = {USA},
	volume = {55},
	number = {1},
	issn = {0196-6774},
	url = {https://doi.org/10.1016/j.jalgor.2003.12.001},
	doi = {10.1016/j.jalgor.2003.12.001},
	journal = {J. Algorithms},
	month = apr,
	pages = {58–75},
	numpages = {18}
}

@misc{jvirkki_2020,
	author = {libbloom},
	title = {jvirkki/libbloom: A simple and small bloom filter implementation in plain C.},
	howpublished = {\url{https://github.com/jvirkki/libbloom}},
	month = {},
	year = {2020},
	note = {(Accessed on 07/08/2021)}
}

@misc{alabid_2018,
	author = {countminsketch},
	title = {alabid/countminsketch: Implementation of Count Min Sketch in C++},
	howpublished = {\url{https://github.com/alabid/countminsketch}},
	month = {},
	year = {2018},
	note = {(Accessed on 07/08/2021)}
}

@article{DBLP:journals/ipl/BoseGKMMMST08,
  author    = {Prosenjit Bose and
               Hua Guo and
               Evangelos Kranakis and
               Anil Maheshwari and
               Pat Morin and
               Jason Morrison and
               Michiel H. M. Smid and
               Yihui Tang},
  title     = {On the false-positive rate of Bloom filters},
  journal   = {Inf. Process. Lett.},
  volume    = {108},
  number    = {4},
  pages     = {210--213},
  year      = {2008},
  url       = {https://doi.org/10.1016/j.ipl.2008.05.018},
  doi       = {10.1016/j.ipl.2008.05.018},
  timestamp = {Fri, 30 Nov 2018 13:29:08 +0100},
  biburl    = {https://dblp.org/rec/journals/ipl/BoseGKMMMST08.bib},
  bibsource = {dblp computer science bibliography, https://dblp.org}
}
