@inproceedings{freivalds1977,
	author = {Rusins Freivalds},
	editor = {Bruce Gilchrist},
	title = {Probabilistic Machines Can Use Less Running Time},
	booktitle = {Information Processing, Proceedings of the 7th {IFIP} Congress 1977, Toronto, Canada, August 8-12, 1977},
	pages = {839--842},
	publisher = {North-Holland},
	year = {1977},
	timestamp = {Fri, 26 Jul 2019 22:58:46 +0200},
	biburl = {https://dblp.org/rec/conf/ifip/Freivalds77.bib},
	bibsource = {dblp computer science bibliography, https://dblp.org},
}

@inproceedings{demoura2008,
	author = {de Moura, Leonardo and Bj{\o}rner, Nikolaj},
	editor = {Ramakrishnan, C. R. and Rehof, Jakob},
	title = {Z3: An Efficient SMT Solver},
	booktitle = {Tools and Algorithms for the Construction and Analysis of Systems},
	year = {2008},
	publisher = {Springer Berlin Heidelberg},
	address = {Berlin, Heidelberg},
	pages = {337--340},
	abstract = {Satisfiability Modulo Theories (SMT) problem is a decision problem for logical first order formulas with respect to combinations of background theories such as: arithmetic, bit-vectors, arrays, and uninterpreted functions. Z3 is a new and efficient SMT Solver freely available from Microsoft Research. It is used in various software verification and analysis applications.},
	isbn = {978-3-540-78800-3},
}

@article{selvin1975,
	title = {Letters to the Editor},
	author = {Steve Selvin},
	journal = {The American Statistician},
	volume = {29},
	number = {1},
	pages = {67-71},
	year = {1975},
	publisher = {Taylor & Francis},
	doi = {10.1080/00031305.1975.10479121},
	URL = { https://doi.org/10.1080/00031305.1975.10479121 },
	eprint = { https://doi.org/10.1080/00031305.1975.10479121 },
}