@inproceedings{klee_main_2008,
	author = {Cadar, Cristian and Dunbar, Daniel and Engler, Dawson},
	title = {KLEE: Unassisted and Automatic Generation of High-Coverage Tests for Complex Systems Programs},
	year = {2008},
	publisher = {USENIX Association},
	address = {USA},
	booktitle = {Proceedings of the 8th USENIX Conference on Operating Systems Design and Implementation},
	pages = {209â€“224},
	numpages = {16},
	location = {San Diego, California},
	series = {OSDI'08}
}

@InProceedings{z3_solver_2008,
	author="de Moura, Leonardo
	and Bj{\o}rner, Nikolaj",
	editor="Ramakrishnan, C. R.
	and Rehof, Jakob",
	title="Z3: An Efficient SMT Solver",
	booktitle="Tools and Algorithms for the Construction and Analysis of Systems",
	year="2008",
	publisher="Springer Berlin Heidelberg",
	address="Berlin, Heidelberg",
	pages="337--340",
	abstract="Satisfiability Modulo Theories (SMT) problem is a decision problem for logical first order formulas with respect to combinations of background theories such as: arithmetic, bit-vectors, arrays, and uninterpreted functions. Z3 is a new and efficient SMT Solver freely available from Microsoft Research. It is used in various software verification and analysis applications.",
	isbn="978-3-540-78800-3"
}
